3909 5617
912 443 916 450 ¹
1095 443 1098 448 ¹
1385 442 1388 447 ¹
1496 451 1547 457 'A

934 466 936 470 ι
1340 463 1351 475 'u

958 525 1171 586 -te-·
1653 573 1659 586 .

318 765 322 778 .
422 705 424 710 ’
454 706 618 790 Velleius„
640 710 667 775 si
700 709 731 775 in
756 700 889 775 catonis
916 710 1022 777 ¹rerbo
1040 707 1241 776 ‘condendi’
1262 705 1487 776 subaudircris
1516 708 1644 791 signifi·

403 817 428 845 ²
453 814 629 882 cntionem·
639 817 777 883 instituti
802 825 835 883 ct
858 817 971 883 muniti
996 818 1115 884 veteris
1138 816 1201 884 loci
1225 815 1328 882 italici
1353 816 1395 881 ab
1422 813 1577 881 Etruscis.
1627 885 1632 892 ,

312 954 322 972 >
404 985 417 1005 .,
564 922 657 992 Haec
692 924 801 1011 opinio
837 926 976 992 maxime
1009 924 1221 993 confirmatur
1256 923 1443 991 testimonio
1470 920 1644 1003 Hecataei,

403 1094 405 1098 .
453 1030 541 1117 quod
576 1031 684 1100 adbuc
717 1052 820 1120 paene
856 1031 1059 1117 neglectum,
1095 1031 1269 1100 discrimen
1299 1031 1381 1099 tacit
1414 1031 1513 1098 totius
1544 1048 1645 1112 quae·

326 1132 329 1155 ²
415 1139 577 1231 ¹ationis.
626 1139 943 1208 commemoraverat
967 1140 1152 1208 Hecataeus
1175 1141 1208 1207 in
1232 1160 1330 1227 opere
1346 1140 1497 1228 Europae
1521 1146 1558 1205 ut
1579 1145 1644 1204 tra·
1762 1227 1764 1233 ι

416 1330 421 1335 .
455 1245 537 1312 dunt
559 1244 680 1313 Suidas
715 1256 747 1313 et
775 1245 960 1333 Stephanus
991 1247 1168 1335 Bycantius
1197 1247 1313 1337 Nolam
1349 1246 1446 1314 πόλιν
1470 1245 1645 1313 Αὐσόνων.

330 1332 334 1382 ³
415 1369 417 1375 ·
455 1353 642 1451 Hecataeus
677 1374 747 1420 cum
784 1354 873 1420 circa
896 1375 925 1420 a.
951 1355 1028 1440 500,
1064 1362 1154 1422 certo
1189 1375 1253 1422 non
1288 1362 1362 1444 post
1385 1356 1452 1422 490
1489 1354 1542 1422 vel
1576 1356 1646 1423 480

454 1462 630 1549 scripserit,
664 1468 802 1549 apparet
834 1468 910 1527 ante
934 1482 1051 1527 annum
1075 1462 1266 1545 tut-460,
1299 1483 1362 1548 quo
1392 1471 1537 1551 tempore
1560 1463 1646 1534 cato
1723 1450 1726 1455 ’

439 1567 557 1637 ‚uadit
580 1568 726 1657 Capuam
749 1567 804 1636 ‘ac
827 1567 966 1637 subinde
993 1568 1129 1636 Nulam’
1151 1568 1301 1637 conditas
1325 1590 1396 1637 esse
1419 1572 1462 1637 ab
1485 1570 1645 1657 Etruscis,

412 1739 416 1755 ,
455 1676 578 1745 Nolam
597 1675 751 1764 oppidum
768 1679 935 1744 Ausonum
959 1679 981 1743 i.
1007 1696 1036 1743 e.
1062 1676 1216 1744 Italorum
1245 1678 1402 1745 extitisse.
1454 1677 1547 1759 Quae
1571 1701 1645 1747 cum

370 1786 374 1795 '
455 1785 506 1853 ita
526 1786 601 1869 sint,
625 1784 704 1871 quid
728 1793 817 1853 vetat
841 1786 1011 1871 quominus
1034 1793 1184 1871 putemus
1207 1785 1294 1853 idern
1319 1785 1360 1853 de
1384 1786 1496 1876 Capua
1520 1788 1645 1854 iactum

455 1914 538 1978 esse,
562 1894 752 1981 praesertim
778 1913 850 1961 cum
867 1914 969 1979 nuper
994 1892 1133 1981 vestigia
1151 1894 1389 1962 vetustissimae
1413 1895 1561 1962 coloniae
1577 1895 1647 1963 illic

363 2026 386 2059 ·.-
434 2003 702 2082 vinnotueriut1).
767 2011 770 2016 ’
901 2012 905 2018 ’
1229 2077 1231 2083 ,
1300 2031 1303 2036 ·
1591 2018 1594 2023 ’

311 2097 349 2172 α’
565 2110 709 2177 Fuerunt
732 2111 788 2196 qui
811 2118 968 2195 negarent
991 2109 1146 2178 Etruscos
1163 2109 1244 2197 ipsis
1260 2109 1323 2176 illis
1339 2110 1548 2199 temporibus,
1572 2131 1646 2178 curn

310 2250 334 2323 .-
376 2240 395 2272 ’τ
430 2204 591 2311 'proelio'
615 2217 724 2285 navali
758 2216 845 2317 apud
870 2217 989 2286 Cumas
1022 2211 1193 2286 commisso
1218 2221 1262 2300 (a.
1278 2219 1359 2301 474)
1392 2217 1590 2286 aCumanis
1613 2227 1646 2286 et

457 2326 674 2412 Syracusanis
706 2327 849 2413 superati
882 2334 915 2392 et
947 2347 989 2394 ex
1018 2320 1098 2392 mari
1122 2346 1282 2414 campano
1305 2325 1390 2413 puisi
1423 2334 1541 2410 essent,
1566 2327 1648 2394 satis

281 2418 292 2424 ”
354 2432 365 2440 ”
391 2421 398 2506 f
440 2434 572 2527 ‘firmos
594 2434 696 2501 fuisse
720 2432 762 2501 ad
791 2434 885 2500 urbes
918 2431 1116 2500 condendas.
1166 2433 1265 2499 [mmo
1299 2452 1340 2499 ex
1377 2432 1438 2501 hac
1472 2453 1507 2501 re
1541 2434 1648 2502 elucet

321 2562 341 2626 J
377 2598 381 2630 ,
460 2539 617 2608 Catonern
653 2547 742 2608 recte
778 2540 963 2608 tradidisse.
1028 2542 1112 2610 Nam
1149 2540 1227 2626 qnid
1263 2541 1369 2628 magis
1388 2562 1444 2608 ex
1481 2562 1540 2609 usn
1576 2546 1658 2609 erat'

295 2643 318 2731 J.
360 2633 381 2645 '⁴
416 2655 438 2684 ’·
458 2649 605 2717 Etruscis
628 2670 686 2737 spe
710 2648 857 2736 deceptis
878 2650 1058 2717 maritimae
1083 2649 1320 2739 dominationis,
1345 2671 1441 2734 quam
1465 2671 1590 2717 summa
1613 2651 1647 2717 vi

302 2746 304 2749 ’
398 2774 416 2847 J
458 2764 637 2847 untertana
662 2756 897 2844 Campanorum
931 2758 963 2823 in
1000 2758 1161 2825 dicionem
1199 2755 1290 2824 su‘am
1325 2759 1523 2845 subigerent,
1559 2757 1648 2843 quod

307 2899 318 2920 ι
413 2869 416 2875 ’
460 2866 582 2953 optime
605 2853 641 2932 se
664 2866 893 2952 impetraturos
916 2886 988 2933 esse
1006 2866 1067 2932 rati
1092 2872 1165 2932 sunt
1190 2864 1321 2953 oppidis
1345 2863 1538 2949 muniendis,
1561 2885 1648 2950 quae

309 2983 349 3070 ι’
397 3031 399 3035 .
459 2974 561 3058 tuisse
586 2972 758 3040 duodecim
776 2972 956 3039 traduntur.
990 2972 1056 3041 Sed
1074 2975 1137 3039 iam
1154 2974 1251 3060 paulo
1269 2982 1345 3040 ante
1361 2994 1392 3040 a.
1408 2973 1470 3039 stt
1492 2973 1649 3041 Etruscos

348 3166 351 3171 .
389 3124 391 3127 -
459 3083 498 3155 in>
522 3076 731 3169 Campaniam
771 3081 928 3149 invasisse
964 3081 1063 3148 tradit
1093 3082 1269 3169 Dionysius
1302 3081 1649 3164 Halicarnassensis'),

316 3210 350 3246 n
390 3188 393 3192 ’
419 3198 497 3283 ,ξολ
519 3182 621 3277 nuper
644 3189 768 3270 Karon
791 3188 922 3257 rnonuit.
971 3189 1050 3255 Mihi
1074 3190 1173 3275 igitur
1205 3195 1332 3255 constat
1355 3188 1431 3255 iude
1460 3189 1503 3256 ab
1526 3188 1650 3256 ultimis

401 3382 403 3385 Α
440 3291 546 3383 fsexti
561 3298 684 3365 saeculi
708 3299 801 3364 annis
818 3297 970 3364 Etruscos
993 3298 1024 3362 in
1043 3296 1253 3382 Campaniam
1271 3296 1508 3382 immigravisse
1530 3297 1650 3365 mixtos

306 3480 328 3524 ‚¹
415 3500 417 3503 v
460 3404 593 3471 Umbris
616 3413 649 3469 et
674 3405 746 3470 aliis
769 3405 931 3487 gentibus.

570 3509 662 3590 Quae
694 3530 765 3576 cunr
799 3511 830 3577 in
855 3511 994 3576 animum
1027 3511 1242 3595 revocaveris,
1262 3491 1445 3598 ¹intelleges
1469 3532 1534 3597 qna
1557 3533 1592 3579 re
1616 3513 1652 3578 in

462 3618 640 3704 Cannpania
676 3618 795 3683 nullum
832 3618 995 3685 vascntmn
1030 3619 1071 3685 ab
1096 3620 1233 3687 Etrusco
1270 3620 1460 3709 inscriptum
1496 3620 1540 3687 sit
1573 3629 1651 3686 ante

461 3726 561 3792 finem
586 3727 669 3792 serti
693 3725 825 3793 saeculi.
863 3726 912 3792 Ex
928 3726 1031 3803 altera
1054 3734 1148 3814 parte
1172 3748 1236 3795 non
1260 3726 1417 3796 babemus
1443 3727 1531 3815 quod
1556 3729 1651 3798 mire·

462 3856 532 3900 mur
556 3835 625 3901 eins
648 3834 776 3930 generis
793 3834 924 3901 vascula
949 3834 1102 3901 fabricari
1127 3842 1159 3902 et
1175 3835 1307 3903 inscribi
1331 3857 1396 3902 nou
1414 3835 1549 3905 desiisse
1577 3844 1653 3923 post

463 3980 677 3989 m*—

443 4048 544 4099 &⁴²-
573 4071 599 4137 l)
619 4068 662 4125 Cf.
674 4068 799 4123 Patroni
817 4070 848 4123 in
867 4068 979 4123 Milanii
991 4066 1078 4125 Sturii
1098 4085 1115 4125 e
1135 4069 1284 4125 rnateriali
1303 4069 1319 4124 Ι
1337 4069 1391 4126 298
1409 4075 1484 4127 nuta
1505 4071 1548 4137 14,
1567 4069 1651 4125 idem

463 4160 495 4212 in
515 4158 588 4213 butt.
609 4158 636 4211 d.
658 4146 865 4229 patetnologia
885 4158 950 4212 Ital.
970 4158 1040 4213 1899
1061 4176 1088 4230 p.
1104 4160 1147 4213 46.

571 4247 600 4315 2)
620 4246 708 4302 Dion.
722 4246 789 4302 Hal.
801 4247 856 4302 VH
869 4248 899 4303 3:
919 4249 1073 4315 ἑξηκοστῆς
1093 4251 1137 4303 καί
1150 4249 1289 4317 τετάρτης
1301 4251 1475 4316 ὀλυμπιάδος
1486 4291 1492 4305 .
1504 4290 1529 4305 ..
1551 4250 1650 4317 Κύμην

462 4339 516 4404 τὴν
529 4339 561 4391 ἐν
572 4337 700 4401 Ὀπικοῖς
713 4336 858 4404 Ἑλληνίδα
871 4339 1006 4392 πόλιν...
1026 4339 1072 4393 Τυ
1080 4340 1217 4406 ῤῥηνῶν
1230 4339 1257 4394 αλ
1275 4343 1339 4407 περλ
1359 4342 1409 4395 τόν
1424 4340 1521 4395 Ἰόνιον
1540 4340 1649 4395 κόλπον

463 4431 663 4490 κατοικοῦντες
675 4427 783 4481 ἐκεῖθέν
801 4427 827 4482 θ’
844 4429 900 4481 ὑπό
918 4432 981 4481 τῶν
992 4428 1104 4483 Κελτῶν
1124 4430 1323 4495 ἐξελασθέντας
1341 4431 1395 4485 σὺν
1415 4431 1510 4500 χρόνῳ
1529 4432 1575 4483 καλ
1595 4432 1650 4485 σὺν

409 4510 417 4520 ”
463 4519 560 4582 αὺτοῖς
580 4516 724 4583 Ὀμβρικοί
741 4534 773 4571 τε
792 4521 838 4572 καλ
857 4519 977 4572 Δαύνιοι
1000 4521 1044 4572 καλ
1064 4522 1162 4585 συχνοὶ
1180 4524 1242 4574 τῶν
1261 4520 1355 4574 ἄλλων
1374 4521 1523 4588 βαρβάρων
1542 4519 1648 4587 ἐπεχεί-

462 4621 563 4675 ρησαν.
574 4607 698 4661 ἀνελεῖν.
1003 4607 1010 4619 “
1177 4614 1182 4618 “
1281 4634 1284 4638 <

573 4697 605 4761 :n
624 4697 656 4752 tn
677 4698 802 4801 acarna.
823 4658 934 4769 patera.
956 4699 1021 4754 nan
1043 4699 1111 4754 reor
1132 4717 1158 4771 p.
1172 4700 1216 4754 aa.
