3909 5617
244 1408 248 1413 .
450 1324 691 1420 D'nsertationis
707 1344 783 1390 vere
800 1324 876 1391 anni
892 1324 1061 1411 praeteriti
1075 1324 1117 1391 ab
1129 1323 1243 1392 ordino
1260 1323 1530 1413 philosophorum

318 1433 562 1526 ''mammutis
577 1432 757 1501 Bonnensis
780 1434 939 1520 probatae
952 1434 996 1499 'in
1020 1453 1085 1518 qua
1109 1432 1151 1500 de
1168 1431 1324 1501 Oscorum
1350 1436 1531 1522 praecipue

279 1625 282 1631 ¹
347 1541 579 1630 Campanorum
605 1542 741 1629 picturis
767 1541 1002 1629 sepulcralilms
1026 1541 1126 1608 armis
1149 1542 1352 1611 vestimentis
1376 1544 1532 1629 omnique

200 1630 219 1664 ⁸
347 1652 432 1721 onitu
447 1650 510 1739 egi,
534 1671 668 1738 parram
684 1647 859 1716 admodum
876 1647 935 1718 sed
959 1650 1026 1717 suis
1050 1650 1171 1716 finibus
1194 1650 1377 1718 absolutam
1401 1660 1533 1740 partem

223 1787 225 1792 ¹
326 1754 435 1847 ¹prelo
456 1756 582 1825 undere
606 1758 759 1825 constitui
783 1756 868 1825 hauc
895 1756 937 1824 de
961 1758 1102 1825 vasculis
1126 1758 1159 1824 in
1184 1757 1364 1847 Campania
1387 1758 1534 1827 inventis

241 1940 244 1944 ,
349 1865 572 1934 exhibentibus
601 1866 828 1953 inscriptiones
856 1866 995 1933 italicas.
1042 1865 1160 1934 Cetera
1188 1888 1263 1934 mox
1292 1868 1357 1935 alio
1381 1867 1454 1935 loco
1478 1888 1534 1935 me

249 2055 252 2062 Ι
321 1963 326 1969 ¹
348 1974 465 2065 publici
486 1975 564 2043 iuris
587 1975 748 2041 facturum
773 1994 843 2041 esse
867 1994 972 2062 spero.
1603 2061 1607 2071 ι

451 2082 680 2171 inscriptiones
707 2081 839 2149 italicae
864 2083 1068 2150 vasculorum
1091 2104 1321 2169 campanorum
1344 2092 1420 2172 post
1443 2084 1534 2151 Lan·
1586 2150 1589 2155 .

324 2266 327 2271 ,
348 2191 431 2260 nium
445 2214 466 2259 a
479 2190 601 2279 Lepsio
616 2192 815 2257 Mommscuo
832 2190 905 2257 aliis
921 2190 1102 2258 identidem
1120 2192 1279 2259 collectae
1294 2199 1405 2261 nostra
1420 2200 1535 2260 aetate

230 2356 237 2363 .
299 2367 319 2376 ,,
349 2301 452 2386 magis
472 2320 568 2385 quam
591 2320 651 2386 par
668 2305 738 2365 erat
754 2298 926 2383 neglectae
941 2306 1018 2367 sunt
1034 2319 1106 2365 cum
1123 2299 1165 2366 ab
1181 2298 1255 2368 aliis
1271 2309 1339 2367 tum
1356 2301 1535 2368 novissime

253 2406 255 2410 ’
350 2407 496 2475 aPlauta
506 2414 539 2474 et
552 2405 728 2493 Conrvayo
741 2425 876 2491 quorum
886 2405 940 2474 hio
953 2407 986 2472 in
999 2406 1074 2473 libri
1085 2406 1303 2474 ‘Grammatik
1317 2407 1377 2476 der
1388 2408 1536 2476 oskisch·

350 2514 551 2582 umbrisehen
565 2514 735 2581 Dialekte’
749 2514 812 2581 vol.
827 2515 858 2580 ll
876 2514 1058 2602 complures
1075 2521 1197 2583 temero
1213 2517 1358 2599 inseruit,
1378 2521 1460 2601 quas
1476 2524 1536 2583 aut
1656 2513 1669 2529 '

350 2611 457 2692 nonin
468 2622 645 2711 Campania
659 2624 809 2689 inventas
826 2642 897 2689 esse
913 2629 1043 2691 constat
1056 2626 1095 2707 ¹),
1106 2616 1174 2690 ¹aut
1191 2645 1276 2709 quae
1290 2645 1431 2710 graecae
1446 2632 1536 2709 sunt,

223 2782 227 2792 ,
351 2753 413 2800 uon
427 2731 555 2799 italicae
565 2734 603 2816 ²),
616 2730 762 2817 Conway
773 2731 921 2815 quamvis
935 2731 1105 2799 nonnullas
1117 2730 1284 2800 addiderit
1295 2739 1402 2800 tamen
1416 2740 1450 2800 et
1460 2732 1537 2820 ipse
1655 2745 1662 2762 ‘

205 2923 226 2944 Ι,
260 2852 285 2859 ·’
352 2840 465 2908 multus
478 2838 586 2907 omisit
600 2845 635 2905 ot
649 2857 716 2923 cas,
741 2856 822 2921 quas
839 2836 983 2922 exhibet,
1007 2839 1088 2904 sutis
1104 2837 1313 2926 indiligenter
1332 2838 1437 2906 edidit
1460 2840 1537 2907 suls

201 2949 207 3014 l
295 2956 298 2960 '
352 2949 458 3015 mixtis
472 2947 580 3013 multis
593 2952 744 3032 typorum
762 2945 932 3012 erroribus.
973 2946 1113 3013 Accedit
1129 2946 1217 3032 quod
1233 2946 1368 3015 editoris
1385 2947 1536 3014 officinm

352 3055 443 3123 molis
464 3053 663 3141 digerendae
690 3058 724 3119 et
747 3051 948 3119 ordinandae
971 3053 1069 3140 plane
1093 3054 1248 3141 neglexit,
1282 3062 1317 3121 ut
1341 3076 1445 3143 vagus
1469 3054 1538 3122 lruc

211 3205 251 3234 a
281 3185 284 3192 ’
329 3164 429 3233 illue
457 3184 515 3253 per
541 3162 606 3229 duo
634 3161 798 3228 volumina
826 3169 859 3228 et
886 3162 919 3228 in
948 3162 1035 3229 uotis
1063 3170 1096 3229 et
1124 3162 1157 3229 iu
1186 3161 1369 3251 appendice
1401 3164 1539 3231 circum·

201 3296 235 3351 '.
293 3325 317 3342 .,
353 3273 468 3360 agaris.
496 3271 633 3338 ·Variae
653 3270 810 3337 lectiones
833 3269 962 3336 omuino
987 3268 1226 3339 desiderantur.
1591 3350 1595 3357 ,

421 3379 545 3460 “Quae
562 3399 636 3447 cunr
656 3379 705 3445 itu
726 3379 793 3446 sint
815 3362 935 3466 operae
958 3379 1098 3465 pretium
1122 3378 1202 3445 mihi
1226 3378 1356 3447 videtur
1379 3401 1451 3448 esse
1473 3379 1564 3448 has·

311 3535 316 3546 -.
353 3486 754 3576 inscriptionesaliquanto
779 3491 893 3553 auctas
917 3473 1112 3572 corpusculi
1133 3485 1422 3573 comprehendere,
1446 3486 1538 3573 quod

234 3589 241 3648 s
269 3652 276 3676 .,
329 3590 334 3598 ’
355 3579 552 3665 auxiliarium
569 3591 662 3679 qnasi
679 3592 878 3689 addaturad
895 3594 1001 3660 Paulii
1026 3614 1142 3682 corpus
1166 3594 1410 3681 inscriptionum
1435 3602 1540 3661 etrns-

203 3697 292 3802 '353³
354 3725 472 3789 aarum,
493 3704 584 3770 cuins
607 3702 716 3769 adhuc
733 3697 870 3789 primuiu
892 3707 1018 3768 tantum
1044 3703 1192 3768 volumen
1216 3703 1249 3768 iu
1273 3702 1378 3769 lucem
1401 3701 1540 3789 prodiit.

457 3812 496 3879 In
524 3809 661 3899 edendis
688 3810 953 3897 inscriptionibus
981 3830 1062 3895 quas
1090 3811 1161 3897 ipse
1185 3811 1370 3877 examinare
1394 3809 1540 3877 nondum

301 4004 314 4016 Ἰ
329 3920 543 4018 spernimus
558 3940 627 3987 sunu
644 3909 832 4021 auctoribus
848 3939 945 4003 quam
961 3918 1175 4003 fidelissimis,
1200 3938 1242 3985 ex
1258 3919 1375 4003 quibus
1390 3918 1541 4022 singulas

252 4123 262 4138 ”
334 4123 378 4171 ’·
460 4123 613 4223 syrma
625 4152 680 4209 uo.
689 4109 762 4208 ¹irrr
775 4168 815 4208 ex
825 4150 949 4209 Samnio
963 4152 1000 4207 er.
1014 4151 1150 4207 rsuram
1163 4151 1281 4208 criasi.
1292 4151 1373 4221 eaeo,
1392 4152 1445 4208 No.
1457 4152 1540 4207 mro

297 4285 304 4296 .
326 4309 328 4313 ¹
357 4260 396 4301 ex
413 4244 550 4316 sepulcro
564 4242 735 4299 Cometano
755 4242 911 4297 etannali
926 4240 976 4298 del
989 4242 1057 4297 inst.
1074 4242 1152 4311 1835,
1168 4242 1227 4311 174,
1251 4242 1305 4297 No.
1321 4243 1372 4298 lli
1383 4243 1420 4296 hlr
1434 4241 1541 4296 Vulcis

231 4383 233 4390 .
304 4398 306 4403 ,
358 4335 396 4390 ct
407 4331 532 4391 consen
553 4333 581 4387 d.
601 4330 669 4403 Spr.
687 4332 716 4387 d
736 4332 858 4388 Etrusk.
877 4331 892 4386 1
910 4331 972 4402 999,
991 4331 1047 4388 Νο.
1062 4331 1114 4388 ll'l
1125 4348 1184 4387 mm
1204 4347 1244 4388 ex
1257 4330 1381 4387 Etruria
1400 4332 1438 4386 cf.
1453 4330 1541 4385 l'urt·

212 4395 271 4514 :f-
305 4443 308 4448 ·
357 4423 508 4494 'ungisi
533 4421 706 4478 Besclrreib.
732 4420 1000 4477 d.vasensamm1.
1024 4422 1043 4476 i.
1066 4418 1191 4493 Autiqu.
1216 4421 1235 4477 i.
1255 4420 1357 4477 Berlin
1381 4419 1437 4479 No.
1455 4419 1540 4490 4091,

348 4512 409 4570 Νο.
422 4497 523 4582 lilim
543 4511 639 4570 Caere
659 4513 697 4566 ct.
716 4511 829 4566 Furtw.
848 4511 928 4566 4090.

315 4595 320 4608 ·
357 4629 363 4638 ,
459 4603 487 4673 s)
507 4585 619 4680 etanta
635 4602 719 4658 mro
739 4602 777 4657 er.
796 4601 907 4659 curto.
927 4600 1008 4658 sorr.
1028 4664 1033 4672 ,
1143 4557 1147 4566 ’
